<?xml version="1.0" encoding="UTF-8"?><record xmlns="http://www.loc.gov/MARC21/slim" xmlns:cinclude="http://apache.org/cocoon/include/1.0" xmlns:zs="http://www.loc.gov/zing/srw/">
  <leader>00424nz  a2200133n  4500</leader>
  <controlfield tag="001">nr 00002859 </controlfield>
  <controlfield tag="003">DLC</controlfield>
  <controlfield tag="005">20000129020012.0</controlfield>
  <controlfield tag="008">000127n| acannaabn          |a ana     c</controlfield>
  <datafield tag="010" ind1=" " ind2=" ">
    <subfield code="a">nr 00002859 </subfield>
  </datafield>
  <datafield tag="040" ind1=" " ind2=" ">
    <subfield code="a">NIC</subfield>
    <subfield code="b">eng</subfield>
    <subfield code="c">NIC</subfield>
  </datafield>
  <datafield tag="110" ind1="1" ind2=" ">
    <subfield code="a">Cochin China.</subfield>
    <subfield code="b">Service du cadastre</subfield>
  </datafield>
  <datafield tag="410" ind1="1" ind2=" ">
    <subfield code="a">Cochin China.</subfield>
    <subfield code="b">Cadastre, Service du</subfield>
  </datafield>
  <datafield tag="670" ind1=" " ind2=" ">
    <subfield code="a">Plan topographique de la province de Baria, 1939:</subfield>
    <subfield code="b">map recto (Service du cadastre "Cochinchine")</subfield>
  </datafield>
</record>